@inproceedings{Bui11,
      Author = {Dai Bui and Edward A. Lee and Isaac Liu and Hiren D. Patel and Jan Reineke},
      Booktitle = {DAC},
      Month = {June},
      Publisher = {ACM},
      Title = {Temporal Isolation on Multiprocessing Architectures},
      Year = {2011}
}

@MANUAL{jedec,
  title = {DDR2 SDRAM SPECIFICATION JESD79-2E.},
  author = {JEDEC},
  year = {2008},
  owner = {liuisaac},
  timestamp = {2011.04.11}
}

@PhdThesis{Akesson-thesis,
  author =	 {Benny Akesson},
  title =	 {Predictable and Composable System-on-Chip Memory
                  Controllers},
  school =	 {Eindhoven University of Technology},
  month =        feb,
  year =	 {2010}
}

@inproceedings{akesson:07:predator,
 author = {Akesson, Benny and Goossens, Kees and Ringhofer, Markus},
 title = {Predator: a predictable {SDRAM} memory controller},
 booktitle = {CODES+ISSS},
 year = {2007},
 isbn = {978-1-59593-824-4},
 location = {Salzburg, Austria},
 pages = {251--256},
 numpages = {6},
 acmid = {1289877},
 publisher = {ACM},
 keywords = {SDRAM, memory controller, predictability, system-on-chip},
} 


@article{paolieri:10:amc,
  title={{An analyzable memory controller for hard real-time {CMP}s}},
  author={Paolieri, M. and Qui{\~n}ones, E. and Cazorla, F.J. and Valero, M.},
  journal={IEEE Embedded Systems Letters},
  volume={1},
  number={4},
  pages={86--90},
  issn={1943-0663},
  year={2010},
  publisher={IEEE}
}

@inproceedings{Liu10,
    author = {Isaac Liu and Jan Reineke and Edward A. Lee},
    title = {A {PRET} Architecture Supporting Concurrent 
              Programs with Composable Timing Properties},
    booktitle = {44th Asilomar Conference  on Signals, Systems, and
              Computers},
    month = {November},
    year = {2010},
    URLcomm = {http://chess.eecs.berkeley.edu/pubs/803.html}
}


@book{JaNgWa07,
	Author = {Bruce Jacob and Spencer W. Ng and David T. Wang},
	Isbn = {978-0-12-379751-3},
	Month = {September},
	Publisher = {Morgan Kaufmann Publishers},
	Title = {Memory Systems: Cache, {DRAM}, Disk.},
	Year = {2007}
}

@inproceedings{Bhat10,
  author    = {Balasubramanya Bhat and
               Frank Mueller},
  title     = {Making {DRAM} Refresh Predictable},
  booktitle = {ECRTS},
  year      = {2010},
  pages     = {145-154},
  ee        = {http://doi.ieeecomputersociety.org/10.1109/ECRTS.2010.23},
  bibsource = {DBLP, http://dblp.uni-trier.de}
}

@inproceedings{Edwards:2007:pret,
 author = {Edwards, Stephen A. and Lee, Edward A.},
 title = {The case for the precision timed ({PRET}) machine},
 booktitle = {DAC},
 year = {2007},
 isbn = {978-1-59593-627-1},
 location = {San Diego, California},
 pages = {264--265},
 numpages = {2},
 doi = {http://doi.acm.org/10.1145/1278480.1278545},
 acmid = {1278545},
 publisher = {ACM},
 address = {New York, NY, USA},
 keywords = {predicable timing, real-time embedded systems},
} 


@INPROCEEDINGS{pret:cases:2008,
  author = {Ben Lickly and Isaac Liu and Sungjun Kim and Hiren D. Patel and Stephen
	A. Edwards and Edward A. Lee},
  title = {Predictable programming on a precision timed architecture},
  booktitle = {Proceedings of the International Conference on Compilers, Architecture,
	and Synthesis for Embedded Systems ({CASES} 2008)},
  year = {2008},
  editor = {Erik R. Altman},
  pages = {137--146},
  address = {Atlanta, {GA}, {USA}},
  month = {October},
  publisher = {ACM},
  bibdate = {2008-10-27},
  bibsource = {DBLP, http://dblp.uni-trier.de/db/conf/cases/cases2008.html#LicklyLKPEL08},
  url = {http://doi.acm.org/10.1145/1450095.1450117}
}

@ARTICLE{Hansson09,
  author = {Hansson, A. and Goossens, K. and Bekooij, M. and Huisken, J.},
  title = {{CoMPSoC}: A Template for Composable and Predictable Multi-Processor System on Chips},
  journal = {ACM TODAES},
  year = {2009},
  volume = {14},
  pages = {1--24},
  number = {1}
}

@ARTICLE{Ungerer10,
  author = {T. Ungerer and others},
  title = {{MERASA}: Multi-Core Execution of Hard Real-Time Applications Supporting Analysability},
  journal = {IEEE Micro},
  year = {2010},
  volume = {99}
}

@ARTICLE{Wilhelm09,
  author = {R. Wilhelm and others},
  title = {Memory Hierarchies, Pipelines, and Buses for Future Architectures in Time-critical Embedded Systems},
  journal = {IEEE TCAD},
  year = {2009},
  volume = {28},
  pages = {966--978},
  number = {7}
}


@inproceedings{Atanassov01,
	Author = {Pavel Atanassov and Peter Puschner},
	Booktitle = {Proc. IEEE International Workshop on Application of Reliable Computing and Communication},
	Month = {Dec.},
	Pages = {29-34},
	Title = {Impact of {DRAM} Refresh on the Execution Time of Real-Time Tasks},
	Year = {2001}
}

@inproceedings{Bourgade08,
	title = {Accurate analysis of memory latencies for {WCET} estimation},
	author = {Roman Bourgade and Clément Ballabriga and Hugues Cass\'e and Christine Rochange and Pascal Sainrat},
	booktitle = {RTNS},
	month = {Oct.},
	year = {2008},
}
	
@article{Schoeberl2008265,
title = "A Java processor architecture for embedded real-time systems",
journal = "Journal of Systems Architecture",
volume = "54",
number = "1-2",
pages = "265 - 286",
year = "2008",
note = "",
issn = "1383-7621",
doi = "DOI: 10.1016/j.sysarc.2007.06.001",
author = "Martin Schoeberl",
}

@INPROCEEDINGS{Akesson08, 
author={Akesson, B. and Steffens, L. and Strooisma, E. and Goossens, K.}, 
booktitle={RTCSA}, 
title={Real-Time Scheduling Using Credit-Controlled Static-Priority Arbitration}, 
year={2008}, 
month={Aug.}, 
volume={}, 
number={}, 
pages={3 -14}, 
keywords={credit-controlled static-priority arbitration;real-time scheduling;systems-on-chip;scheduling;system-on-chip;}, 
doi={10.1109/RTCSA.2008.21}, 
ISSN={1533-2306},}

@ARTICLE{dramsim2, 
author={Rosenfeld, P. and Cooper-Balis, E. and Jacob, B.}, 
journal={Computer Architecture Letters}, title={{DRAMSim2}: A Cycle Accurate Memory System Simulator}, 
year={2011}, 
month={Jan. }, 
volume={10}, 
number={1}, 
pages={16 -19}, 
keywords={DDR2/3 memory system model;DRAMSim2 simulation;DRAMSim2 timing;Verilog model;cycle accurate memory system simulator;trace-based simulation;visualization tool;DRAM chips;memory architecture;memory cards;}, 
doi={10.1109/L-CA.2011.4}, 
ISSN={1556-6056},
}

