% This file was created with JabRef 2.6.
% Encoding: MacRoman

@ARTICLE{ex1,
  author = {Author, Ivan Marc},
  title = {Some Related Article {I} Wrote},
  journal = {Some Fine Journal},
  year = {1999},
  volume = {99},
  pages = {1-100},
  number = {7},
  month = {January}
}

@BOOK{BoschDiesel,
  title = {Diesel-Engine Management},
  publisher = {Society of Automotive Engineers},
  year = {2004},
  author = {Horst Bauer},
  edition = {3rd}
}

@BOOK{Cormen:2001:IA:580470,
  title = {Introduction to Algorithms},
  publisher = {McGraw-Hill Higher Education},
  year = {2001},
  author = {Cormen, Thomas H. and Stein, Clifford and Rivest, Ronald L. and Leiserson,
	Charles E.},
  edition = {2nd},
  isbn = {0070131511}
}

@CONFERENCE{SAE1999010915,
  author = {Jose Desantes and Jean Arreglt and Pablo Rodriguez},
  title = {Computation Model for Simulation of Diesel INjection Systems},
  booktitle = {SAE Paper 1999-01-0915},
  year = {1999}
}

@INPROCEEDINGS{edwards2007case,
  author = {Stephen A. Edwards and Edward A. Lee},
  title = {The Case for the Precision Timed ({PRET}) Machine},
  booktitle = dac07,
  year = {2007},
  pages = {264--265},
  address = dac07a,
  month = jun,
  owner = {liuisaac},
  timestamp = {2011.09.09}
}

@INPROCEEDINGS{Edwards:2007,
  author = {Edwards, Stephen A. and Lee, Edward A.},
  title = {The case for the precision timed ({PRET}) machine},
  booktitle = {Proceedings of DAC '07},
  year = {2007},
  pages = {264--265}
}

@BOOK{ex2,
  title = {A Book He Wrote},
  publisher = {His Publisher},
  year = {1999},
  author = {Expert, Andreas Nikolaos},
  address = {Erewhon, NC}
}

@MISC{cplex,
  author = {{IBM}},
  title = {{ILOG CPLEX Optimizer}},
  note = {http://www-01.ibm.com/software/integration/optimization/cplex-optimizer/},
  key = {CPLEX}
}

@INPROCEEDINGS{pret_cases08,
  author = {Ben Lickly and Isaac Liu and Sungjun Kim and Hiren D. Patel and Stephen
	A. Edwards and Edward A. Lee},
  title = {{Predictable Programming on a Precision Timed Architecture}},
  booktitle = {CASES '08: Proceedings of the 2008 international conference on Compilers,
	architectures and synthesis for embedded systems},
  year = {2008},
  pages = {137--146},
  address = {New York, NY, USA},
  publisher = {ACM},
  doi = {http://doi.acm.org/10.1145/1450095.1450117},
  isbn = {978-1-60558-469-0},
  location = {Atlanta, GA, USA},
  owner = {liuisaac},
  timestamp = {2011.09.09}
}

@CONFERENCE{SAE2009010695,
  author = {Mark Sellnau and James Sinnamon and Larry Oberdier and Carroll Dase
	and Matthew Viele and Kris Quillen and John Silverstri and Iakovos
	Papadimitriou},
  title = {Development of a Practical Tool for Residual Gas Estimation in IC
	Engines},
  booktitle = {SAE Paper 2009-01-0695},
  year = {2009}
}

@TECHREPORT{DieselSpeedOfSound,
  author = {M. E. Tat and J. H. Van Gerpen},
  title = {Measurment of Biodiesel Speed of Sound and Its Impact on Injection
	Timing},
  institution = {Dempartment of Mechanical Engineering, Iowa State University},
  year = {2003},
  note = {Prepared under NREL subconract ACG-8-18066-01 for the National Renewable
	Energy Laboritory}
}

@ARTICLE{wang:optimal,
  author = {Guoqiang Wang and Marco Di Natale and Alberto L. Sangiovanni-Vincentelli},
  title = {Optimal synthesis of communication procedures in real-time synchronous
	reactive models.},
  journal = {IEEE Trans. Industrial Informatics},
  year = {2010},
  pages = {729-743}
}

@ARTICLE{Winward01082010,
  author = {Winward, Edward and Deng, Jiamei and Stobart, Richard K.},
  title = {Innovations In Experimental Techniques For The Development of Fuel
	Path Control In Diesel Engines},
  journal = {SAE International Journal of Fuels and Lubricants},
  year = {2010},
  volume = {3},
  pages = {594-613},
  number = {1}
}

@BOOK{1978FluidTransients,
  title = {{Fluid transients}},
  publisher = {McGraw-Hill},
  year = {1978},
  author = {{Wylie}, E.~B. and {Streeter}, V.~L.},
  booktitle = {New York, McGraw-Hill International Book Co., 1978.~401 p.}
}

@ARTICLE{10.1109/FCCM.2006.20,
  author = {Benjamin Ylvisaker and Brian Van Essen and Carl Ebeling},
  title = {A Type Architecture for Hybrid Micro-Parallel Computers},
  journal = {Field-Programmable Custom Computing Machines, Annual IEEE Symposium
	on},
  year = {2006},
  volume = {0},
  pages = {99-110},
  address = {Los Alamitos, CA, USA},
  publisher = {IEEE Computer Society}
}

@MANUAL{DIManual,
  title = {DI Driver Module Kit User's Manual},
  organization = {Drivven},
  note = {Rev. E.}
}

@MISC{glpsol,
  title = {{GNU Linear Programming Kit}},
  note = {http://www.gnu.org/s/glpk/}
}

@MISC{gnu-arm,
  title = {{GNU ARM Toolchains}},
  owner = {liuisaac},
  timestamp = {2011.10.15},
  url = {http://www.gnuarm.com/}
}

@MANUAL{GTFuel,
  title = {GT-Suite Flow Theory Manual},
  organization = {Gamma Technologies},
  edition = {7.1}
}

@MANUAL{xilinx_coregen,
  title = {Core generator guide},
  organization = {Xilinx},
  owner = {liuisaac},
  timestamp = {2011.10.14},
  url = {http://homepages.cae.wisc.edu/~ece554/website/Xilinx/Coregen_user_guide.pdf}
}

@MANUAL{v6_manual,
  title = {Xilinx Virtex-6 Family Overview},
  organization = {Xilinx},
  month = {March},
  year = {2011},
  owner = {liuisaac},
  timestamp = {2011.10.14},
  url = {http://www.xilinx.com/support/documentation/data_sheets/ds150.pdf}
}

