
%
%  $Description: Sample bibliography$
%
%  $Author: jiazou $
%  $Date: 2011/05/11 00:04:48 $
%  $Revision: 1.10 $
%
@conference{buttazzo1993rre,
  title={{Red: A Robust Earliest Deadline Scheduling Algorithm}},
  author={Buttazzo, G. and Stankovic, J.},
  booktitle={Proceedings of Third International Workshop on Responsive Computing Systems},
  year={1993}
}

@article{puschner2000review,
  title={{A review of worst-case execution-time analyses}},
  author={Puschner, P. and Burns, A.},
  journal={REAL TIME SYSTEMS-AVENEI NJ-},
  volume={18},
  number={2/3},
  pages={115--128},
  issn={0922-6443},
  year={2000},
  publisher={KLUWER ACADEMIC PUBLISHERS GROUP}
}

@book{
Eidson:06:1588,
   Author = {Eidson, John C.},
   Title = {Measurement, Control, and Communication Using IEEE 1588},
   Publisher = {Springer},
            Year = {2006}
}

@inproceedings{ EidsonEtAl:10:PTIDES,
   Author = {Eidson, John and Lee, Edward A. and Matic, Slobodan and Seshia, Sanjit A. and Zou, Jia},
   Title = {A Time-Centric Model for Cyber-Physical Applications},
   BookTitle = {Workshop on Model Based Architecting and Construction of Embedded Systems (ACES-MB)},
   Pages = {21-35},
      URL = {http://chess.eecs.berkeley.edu/pubs/791.html},
      Year = {2010}
}

@article{ Chandy:86:DDE,
   Author = {Misra, Jayadev},
   Title = {Distributed Discrete Event Simulation},
   Journal = {ACM Computing Surveys},
   Volume = {18},
   Number = {1},
   Pages = {39-65},
            Year = {1986}
}

@book{stankovic1998deadline,
  title={{Deadline scheduling for real-time systems: EDF and related algorithms}},
  author={Stankovic, J.A.},
  isbn={0792382692},
  year={1998},
  publisher={Springer}
}

@book{sha1991rate,
  title={{Rate monotonic analysis for real-time systems}},
  author={Sha, L. and Klein, M.H. and Goodenough, J.B.},
  year={1991},
  publisher={Kluwer Academic Publishers}
}

@conference{lehoczky1987enhanced,
  title={{Enhanced aperiodic responsiveness in hard real-time environments}},
  author={Lehoczky, J.P. and Sha, L. and Strosnider, J.K. and others},
  booktitle={Proceedings of the IEEE Real-Time Systems Symposium},
  pages={261--270},
  year={1987}
}

@conference{spuri1995robust,
  title={{Robust aperiodic scheduling under dynamic priority systems}},
  author={Spuri, M. and Buttazzo, G. and Sensini, F.},
  booktitle={rtss},
  pages={210},
  issn={1052-8725},
  year={1995},
  organization={Published by the IEEE Computer Society}
}

@conference{spuri1994efficient,
  title={{Efficient aperiodic service under earliest deadline scheduling}},
  author={Spuri, M. and Buttazzo, G.C.},
  booktitle={Real-Time Systems Symposium, 1994., Proceedings.},
  pages={2--11},
  isbn={0818666005},
  year={1994},
  organization={IEEE}
}

@conference{thuel1994algorithms,
  title={{Algorithms for scheduling hard aperiodic tasks in fixed-priority systems using slack stealing}},
  author={Thuel, S.R. and Lehoczky, J.P.},
  booktitle={Real-Time Systems Symposium, 1994., Proceedings.},
  pages={22--33},
  isbn={0818666005},
  year={1994},
  organization={IEEE}
}

@article{davis2005hierarchical,
  title={{Hierarchical fixed priority pre-emptive scheduling}},
  author={Davis, R.I. and Burns, A.},
  issn={1052-8725},
  year={2005},
  publisher={IEEE Computer Society}
}

@conference{lee2008cyber,
  title={{Cyber physical systems: Design challenges}},
  author={Lee, E.A.},
  booktitle={11th IEEE Symposium on Object Oriented Real-Time Distributed Computing (ISORC)},
  pages={363--369},
  year={2008},
  organization={IEEE}
}

@article{tripakis2008implementing,
  title={{Implementing synchronous models on loosely time triggered architectures}},
  author={Tripakis, S. and Pinello, C. and Benveniste, A. and Sangiovanni-Vincent, A. and Caspi, P. and Di Natale, M.},
  journal={Computers, IEEE Transactions on},
  volume={57},
  number={10},
  pages={1300--1314},
  issn={0018-9340},
  year={2008},
  publisher={IEEE}
}

@conference{caspi2003simulink,
  title={{From Simulink to SCADE/Lustre to TTA: a layered approach for distributed embedded applications}},
  author={Caspi, P. and Curic, A. and Maignan, A. and Sofronis, C. and Tripakis, S. and Niebert, P.},
  booktitle={Proceedings of the 2003 ACM SIGPLAN conference on Language, compiler, and tool for embedded systems},
  pages={153--162},
  isbn={1581136471},
  year={2003},
  organization={ACM}
}

@conference{benveniste2006communication,
  title={{Communication by sampling in time-sensitive distributed systems}},
  author={Benveniste, A. and Caillaud, B. and Carloni, L.P. and Caspi, P. and Sangiovanni-Vincentelli, A.L. and Tripakis, S.},
  booktitle={Proceedings of the 6th ACM \& IEEE International conference on Embedded software},
  pages={152--160},
  isbn={1595935428},
  year={2006},
  organization={ACM}
}

@conference{baker2002stack,
  title={{A stack-based resource allocation policy for realtime processes}},
  author={Baker, TP},
  booktitle={Real-Time Systems Symposium, 1990. Proceedings., 11th},
  pages={191--200},
  isbn={0818621125},
  year={2002},
  organization={IEEE}
}

@article{jensen2010elements,
  title={{Elements of Model-Based Design}},
  author={Jensen, J.C.},
  journal={University of California, Berkeley, Technical Memorandum. UCB/EECS-2010-19, February},
  pages={2010--19},
  year={2010}
}

@article{leung2009extensible,
  title={{An Extensible and Retargetable Code Generation Framework for Actor Models}},
  author={Leung, M.K.},
  year={2009}
}

@article{levis2005tinyos,
  title={{TinyOs: An operating system for sensor networks}},
  author={Levis, P. and Madden, S. and Polastre, J. and Szewczyk, R. and Whitehouse, K. and Woo, A. and Gay, D. and Hill, J. and Welsh, M. and Brewer, E. and others},
  journal={Ambient Intelligence},
  pages={115--148},
  year={2005},
  publisher={Springer}
}

@article{liu1973scheduling,
  title={{Scheduling algorithms for multiprogramming in a hard-real-time environment}},
  author={Liu, CL and Layland, J.W.},
  journal={Journal of the ACM (JACM)},
  volume={20},
  number={1},
  pages={46--61},
  issn={0004-5411},
  year={1973},
  publisher={ACM}
}

@article{buttazzo2005rate,
  title={{Rate monotonic vs. EDF: Judgment day}},
  author={Buttazzo, G.C.},
  journal={Real-Time Systems},
  volume={29},
  number={1},
  pages={5--26},
  issn={0922-6443},
  year={2005},
  publisher={Springer}
}

@conference{chen2002priority,
  title={{A priority ceiling protocol for multiple-instance resources}},
  author={Chen, M.I. and Lin, K.J.},
  booktitle={Real-Time Systems Symposium, 1991. Proceedings., Twelfth},
  pages={140--149},
  isbn={0818624507},
  year={2002},
  organization={IEEE}
}

@article{rajkumar2001resource,
  title={{Resource kernels: A resource-centric approach to real-time and multimedia systems}},
  author={Rajkumar, R. and Juvva, K. and Molano, A. and Oikawa, S.},
  journal={Readings in multimedia computing and networking},
  pages={476--490},
  year={2001},
  publisher={Morgan Kaufmann}
}

@conference{seshia2008game,
  title={{Game-theoretic timing analysis}},
  author={Seshia, S.A. and Rakhlin, A.},
  booktitle={Computer-Aided Design, 2008. ICCAD 2008. IEEE/ACM International Conference on},
  pages={575--582},
  issn={1092-3152},
  year={2008},
  organization={IEEE}
}

@book{labview,
  title={{LabVIEW graphical programming: practical applications in instrumentation and control}},
  author={Johnson, G.W.},
  isbn={007032915X},
  year={1997},
  publisher={McGraw-Hill School Education Group}
}

@book{simulink,
  title={{Mastering Simulink}},
  author={Dabney, J.B. and Harman, T.L.},
  isbn={0132437678},
  year={1997},
  publisher={Prentice Hall PTR Upper Saddle River, NJ, USA}
}

@article{zhou2008causality,
  title={{Causality interfaces for actor networks}},
  author={Zhou, Y. and Lee, E.A.},
  journal={ACM Transactions on Embedded Computing Systems (TECS)},
  volume={7},
  number={3},
  pages={1--35},
  issn={1539-9087},
  year={2008},
  publisher={ACM}
}

@article{
Karsai:03:ModelBasedDesign,
   Author = {Karsai, Gabor and Sztipanovits, Janos and Ledeczi, Akos and Bapty, Ted},
   Title = {Model-Integrated Development of Embedded Software},
   Journal = {Proceedings of the IEEE},
   Volume = {91},
   Number = {1},
   Pages = {145-164},
      Year = {2003}
}

@MISC{freeRTOS,
  author = {{The FreeRTOS Project}},
  title = {{OpenRTOS}},
  howpublished = {http://www.freertos.org},
  owner = {sshaye},
  timestamp = {2008.12.13}
}

@MISC{vxWorks,
  author = {{Wind River}},
  title = {VxWorks: Embedded {RTOS} with suport for {POSIX} and {SMP}},
  howpublished = {http://www.windriver.com/products/vxworks/},
  owner = {sshaye},
  timestamp = {2008.12.16}
}

@article{Munzenberger:03:TimeSDL,
    Author = {M\"{u}nzenberger, Ralf and Dörfel, Matthias and Hofmann, 
Richard and Slomka, Frank},
    Title = {A General Time Model for the Specification and Design of 
Embedded Real-Time Systems},
    Journal = {Microelectronics Journal},
    Volume = {34},
    Pages = {989-1000},
    Year = {2003} 
}

@article{
Strehl:01:FunState,
    Author = {Strehl, Karsten and Thiele, Lothar and Gries, Matthias and 
Ziegenbein, Dirk and Ernst, Rolf and Teich, Jürgen},
    Title = {FunStateAn Internal Design Representation for Codesign},
    Journal = {IEEE Trans. on VLSI Systems},
    Volume = {9},
    Number = {4},
    Pages = {524-544},
       Year = {2001} }

@article{
Benveniste:91:Synchronous,
    Author = {Benveniste, Albert and Berry, Gerard},
    Title = {The Synchronous Approach to Reactive and Real-Time Systems},
    Journal = {Proceedings of the IEEE},
    Volume = {79},
    Number = {9},
    Pages = {1270-1282},
       Year = {1991} }

@inproceedings{
Sifakis:06:BIP,
    Author = {Basu, Ananda and Bozga, Marius and Sifakis, Joseph},
    Title = {Modeling Heterogeneous Real-time Components in {BIP}},
    BookTitle = {SEFM},
    Address= {Pune},
    Pages = {3-12},
       Year = {2006} }

@article{
Jantsch:05:ForSyDe,
    Author = {Jantsch, Axel and Sander, Ingo},
    Title = {Models of computation and languages for embedded system 
design},
    Journal = {IEEE Proceedings on Computers and Digital Techniques},
    Volume = {152},
    Number = {2},
    Pages = {114-129},
       Year = {2005} }

@MISC{rtLinux,
  author = {eWind River: RTLInuxFree}},
  title = {RTLinuxFree},
  howpublished = {http://www.rtlinuxfree.com/},
  owner = {sshaye},
  timestamp = {2008.12.16}
}

@article{kaplan2006understanding,
  title={{Understanding GPS: Principles and Applications Second Edition}},
  author={Kaplan, E. and Hegarty, C.},
  journal={Artech House},
  year={2006}
}

@misc{datasheet,
  title         = "{DP83640 Precision PHYTER - IEEE 1588 Precision Time Protocol
      Transceiver} Data Sheet",
  organization  = "National Semiconductor",
  address       = "California, United States"
}

@phdthesis{YangThesis,
    Author = {Zhao, Yang},
    Title = {On the Design of Concurrent, Distributed Real-Time Systems},
    School = {EECS Department, University of California, Berkeley},
    Year = {2009},
    Month = {Aug},
    URL = {http://www.eecs.berkeley.edu/Pubs/TechRpts/2009/EECS-2009-117.html},
    Number = {UCB/EECS-2009-117}
}

@conference{maler1992timed,
  title={{From timed to hybrid systems}},
  author={Maler, O. and Manna, Z. and Pnueli, A.},
  booktitle={Real-time, theory in practice: REX Workshop, Mook, the Netherlands, June 3-7, 1991: proceedings},
  pages={447},
  isbn={3540555641},
  year={1992},
  organization={Springer}
}


@book{
Fishman:01:DE,
   Author = {Fishman, George S.},
   Title = {Discrete-Event Simulation: Modeling, Programming, and Analysis},
   Publisher = {Springer-Verlag},
            Year = {2001}
}

@book{
Cassandras:93:DE,
   Author = {Cassandras, C. G.},
   Title = {Discrete Event Systems, Modeling and Performance Analysis},
   Publisher = {Irwin},
            Year = {1993}
}

@article{lamport1978time,
  title={{Time, clocks, and the ordering of events in a distributed system}},
  author={Lamport, L.},
  journal={Communications of the ACM},
  volume={21},
  number={7},
  pages={558--565},
  issn={0001-0782},
  year={1978},
  publisher={ACM}
}

@book{Ben:90:RTSystems,
    author = {M. Ben-Ari},
    Title = {Principles of Concurrent and Distributed Programming},
    Publisher = {Prentice-Hall},
    Edition = {2nd},
    Year = {1990}
}
@book{ Zeigler:00:Simulation,
  Author = {Zeigler, Bernard P. and Praehofer, Herbert and Kim, Tag Gon},
  Title = {Theory of Modeling and Simulation},
  Publisher = {Academic Press},
  Edition = {2nd},
  Year = {2000} }

@inproceedings{ Henzinger:01:Giotto,
  Author = {Henzinger, T. A. and Horowitz, B. and Kirsch, C. M.},
  Title = {Giotto: A Time-Triggered Language for Embedded Programming},
  BookTitle = {EMSOFT 2001},
  Publisher = {Springer-Verlag},
  Volume = {LNCS 2211},
  Pages = {166-184},
  Year = {2001} }

@inproceedings{wirelessDistribution,
    Author = {Ali, N.A. and Ekram, E. and Eljasmy, A. and Shuaib, K.},
    Title = {Measured delay distribution in a Wireless Mesh Network test-bed},
    BookTitle = {AICCSA 2008},
    Pages = {236 - 240},
}

@conference{09RTASPtides,
  title={{Execution strategies for ptides, a programming model for distributed embedded systems}},
  author={Zou, J. and Matic, S. and Lee, E.A. and Feng, T.H. and Derler, P.},
  booktitle={15th IEEE Real-Time and Embedded Technology and Applications Symposium},
  pages={77--86},
  issn={1080-1812},
  year={2009},
  organization={IEEE}
}

@inproceedings{1468025,
 author = {Derler, Patricia and Lee, Edward A. and Matic, Slobodan},
 title = {Simulation and Implementation of the {P}tides Programming Model},
 booktitle = {DS-RT '08: Proceedings of the 2008 12th IEEE/ACM International Symposium on Distributed Simulation and Real-Time Applications},
 year = {2008},
 isbn = {978-0-7695-3425-1},
 pages = {330--333},
 doi = {http://dx.doi.org/10.1109/DS-RT.2008.51},
 publisher = {IEEE Computer Society},
 address = {Washington, DC, USA},
 }

@conference{deng1997srt,
  title={{Scheduling real-time applications in an open environment}},
  author={Deng, Z. and Liu, J.W.S.},
  booktitle={Real-Time Systems Symposium, 1997. Proceedings., The 18th IEEE},
  pages={308--319},
  year={1997}
}

@conference{oh1998mll,
  title={{A Modified Least-Laxity-First scheduling algorithm for real-timetasks}},
  author={Oh, S.H. and Yang, S.M.},
  booktitle={Real-Time Computing Systems and Applications, 1998. Proceedings},
  pages={31--36},
  year={1998}
}

@inproceedings{Lee06Semantics,
 author = {Edward A. Lee},
 title = {Discrete event models: Getting the semantics right},
 booktitle = {WSC '06: Proceedings},
 year = {2006},
 isbn = {1-4244-0501-7},
 pages = {1--1},
 location = {Monterey, California},
 publisher = {Winter Simulation Conference},
}

@article{lee2006problem,
  title={{The problem with threads}},
  author={Lee, E.A.},
  journal={Computer},
  volume={39},
  number={5},
  pages={33--42},
  issn={0018-9162},
  year={2006},
  publisher={IEEE}
}

@article{Lee98ComparingMoCs,
  author    = {Edward A. Lee and
               Alberto L. Sangiovanni-Vincentelli},
  title     = {A framework for comparing models of computation},
  journal   = {IEEE Transactions on CAD of Integrated Circuits and Systems},
  volume    = {17},
  number    = {12},
  year      = {1998},
  pages     = {1217-1229},
}

@INPROCEEDINGS{FL08Realtime,
 author = "Feng, Thomas Huining and Lee, Edward A.",
 title = "Real-Time Distributed Discrete-Event Execution with Fault Tolerance",
 booktitle = {Proceedings of RTAS},
 year = {2008},
 address = {St. Louis, MO, USA},
 month = {April}
}

@book{bcoq92synchronization,
       author = {Fran\c{c}ois Baccelli and Guy Cohen and Geert J. Olsder and Jean-Pierre Quadrat},
       title = {Synchronization and Linearity: An Algebra for Discrete Event Systems},
       publisher = {Wiley},
       address = {New York},
       year = {1992},
}

@inproceedings{ kang99software,
    author = "Dong-In Kang and R. Gerber and Leana Golubchik and Jeffrey K. Hollingsworth and Manas Saksena",
    title = "A Software Synthesis Tool for Distributed Embedded System Design",
    booktitle = "Workshop on Languages, Compilers, and Tools for Embedded Systems",
    pages = "87-95",
    year = "1999",
    url = "citeseer.ist.psu.edu/430644.html" }

@article{PDES,
 author = {Richard M. Fujimoto},
 title = {Parallel discrete event simulation},
 journal = {Commun. ACM},
 volume = {33},
 number = {10},
 year = {1990},
 issn = {0001-0782},
 pages = {30--53},
 doi = {http://doi.acm.org/10.1145/84537.84545},
 publisher = {ACM},
 address = {New York, NY, USA},
}


@OTHER{armmpcortex,
 author = {{ARM}},
 owner = {hiren},
 timestamp = {2007.12.07},
 title = {{ARM Cortex-A9 MPCore}},
 url = {http://www.arm.com/products/CPUs/ARMCortex-A9_MPCore.html}
}


@ARTICLE{berg2004rad,
 author = {Berg, C. and Engblom, J. and Wilhelm, R.},
 title = {{Requirements for and design of a processor with predictable timing}},
 journal = {Proc. of the Dagstuhl Perspectives Workshop on Design of Systems
       with Predictable Behavior},
 year = {2004}
}

@ARTICLE{cm79distributed,
 author = {K. M. Chandy and J. Misra},
 title = {Distributed simulation: A case study in design and verification of
       distributed programs},
 journal = {IEEE Transaction on Software Engineering},
 year = {1979},
 volume = {5},
 number = {5}
}

@ARTICLE{colin2000wce,
 author = {Colin, A. and Puaut, I.},
 title = {{Worst Case Execution Time Analysis for a Processor with Branch Prediction}},
 journal = {Real-Time Systems},
 year = {2000},
 volume = {18},
 pages = {249--274},
 number = {2},
 publisher = {Springer}
}

@MISC{RENESAS,
 author = {Renesas Technology Corp.},
 title = {{Renesas}},
 howpublished = {http://www.renesas.com/},
 owner = {hiren},
 timestamp = {2007.12.07}
}

@ARTICLE{edwards2007cpt,
 author = {Edwards, S. and Lee, E.A.},
 title = {{The Case for the Precision Timed (PRET) Machine}},
 journal = {Design Automation Conference (DAC), San Diego, CA},
 year = {2007},
 owner = {hiren},
 timestamp = {2007.12.07}
}

@ARTICLE{ferdinand2001rap,
 author = {Ferdinand, C. and Heckmann, R. and Langenbach, M. and Martin, F.
       and Schmidt, M. and Theiling, H. and Thesing, S. and Wilhelm, R.},
 title = {{Reliable and Precise WCET Determination for a Real-Life Processor}},
 journal = {EMSOFT 2001: Proceedings},
 year = {2001},
 publisher = {Springer}
}

@ARTICLE{Misra86Distributed,
 author = {Jayadev Misra},
 title = {Distributed discrete-event simulation},
 journal = {ACM Computing Surveys},
 year = {1986},
 volume = {18},
 pages = {39--65},
 number = {1},
 address = {New York, NY, USA},
 issn = {0360-0300},
 publisher = {ACM Press}
}

@ARTICLE{wilhelm07,
 author = {Jan Reineke and Daniel Grund and Christoph Berg and Reinhard Wilhelm},
 title = {Timing predictability of cache replacement policies},
 journal = {Real-Time Syst.},
 year = {2007},
 volume = {37},
 pages = {99--122},
 number = {2},
 address = {Norwell, MA, USA},
 doi = {http://dx.doi.org/10.1007/s11241-007-9032-3},
 issn = {0922-6443},
 publisher = {Kluwer Academic Publishers}
}

@ARTICLE{Vries90Reducing,
 author = {R.C. De Vries},
 title = {Reducing Null Messages in Misra's Distributed Discrete Event Simulation
       Method},
 journal = {IEEE Transactions on Software Engineering},
 year = {1990},
 volume = {16},
 pages = {82-91},
 number = {1},
 issn = {0098-5589},
 publisher = {IEEE Computer Society}
}

@INPROCEEDINGS{zle07programming,
 author = {Zhao, Yang and Liu, Jie and Lee, Edward A.},
 title = {A Programming Model for Time-Synchronized Distributed Real-Time Systems},
 booktitle = {Proceedings of RTAS 07},
 year = {2007},
 pages = {259-268},
}

@article{lee2003aod,
   title={{Actor-oriented design of embedded hardware and software
systems}},
   author={Lee, E.A. and Neuendorffer, S. and Wirthlin, M.J.},
   journal={Journal of Circuits, Systems, and Computers},
   volume={12},
   number={3},
   pages={231--260},
   year={2003}
}

@MISC{FLEXRAY,
   author = {{FlexRay Consortium}},
   title = {{FlexRay: The Communications System for Advanced Automotive Control
       Applications}},
   howpublished = {http://www.flexray.com/},
   owner = {xbox_2},
   timestamp = {2007.12.17}
}

@MISC{IEEE1588,
   author = {{IEEE}},
   title = {{A Precision Clock Synchronization Protocol for Networked
Measurement and Control Systems}},
   howpublished = {http://ieee1588.nist.gov/},
   owner = {xbox_2},
   timestamp = {2007.12.17}
}

@MISC{leen2002tnt,
   author = {Leen, G. and Heffernan, D.},
   title = {{TTCAN: A New Time-triggered Controller Area Network}},
   year = {2002},
   journal = {Microprocessors and Microsystems},
   number = {2},
   pages = {77--94},
   publisher = {Elsevier},
   volume = {26}
}

@techreport{Lee:EECS-2006-83,
    Author = {Edward A. Lee and Yang Zhao},
    Title = {Reinventing Computing for Real Time},
    Institution = {EECS Department, University of California, Berkeley},
    Year = {2006},
    Month = {May},
    URL = {http://www.eecs.berkeley.edu/Pubs/TechRpts/2006/EECS-2006-83.html},
    Number = {UCB/EECS-2006-83}
}

@techreport{Muliadi:M99/29,
    Author = {L. Muliadi},
    Title = {Discrete Event Modeling in {P}tolemy {II}},
    Institution = {EECS Department, University of California, Berkeley},
    Year = {1999},
    URL = {http://www.eecs.berkeley.edu/Pubs/TechRpts/1999/3658.html},
    Number = {UCB/ERL M99/29}
}

@article{ moore95tagged,
author = "Simon W. Moore and Brian T. Graham",
title = "Tagged Up/Down Sorter - A Hardware Priority Queue",
journal = "The Computer Journal",
volume = "38",
number = "9",
pages = "695-703",
year = "1995",
url = "citeseer.ist.psu.edu/moore95tagged.html"
}

@article{ Jefferson:85:TimeWarp,
   Author = {Jefferson, D.},
   Title = {Virtual Time},
   Journal = {ACM Trans. Programming Languages and Systems},
   Volume = {7},
   Number = {3},
   Pages = {404-425},
      Year = {1985} }

@article{ptolemyII,
  title={{Taming heterogeneity-the Ptolemy approach}},
  author={Eker, J. and Janneck, J.W. and Lee, E.A. and Liu, J. and Liu, X. and Ludvig, J. and Neuendorffer, S. and Sachs, S. and Xiong, Y.},
  journal={Proceedings of the IEEE},
  volume={91},
  number={1},
  pages={127--144},
  issn={0018-9219},
  year={2003},
  publisher={IEEE}
}

@article{
Lee:99:DESemantics,
   Author = {Lee, E. A.},
   Title = {Modeling Concurrent Real-time Processes Using Discrete Events},
   Journal = {Annals of Software Engineering},
   Volume = {7},
   Pages = {25-45},
      Year = {1999} }

@inproceedings{
Liu:06:Metric,
   Author = {Liu, Xiaojun and Matsikoudis, Eleftherios and Lee, Edward A.},
   Title = {Modeling Timed Concurrent Systems},
   BookTitle = {CONCUR 2006 - Concurrency Theory},
   Month = {August 27-30},
   Publisher = {Springer},
   Volume = {LNCS 4137},
      Year = {2006} }

@techreport{ Liu:06:TimedInteractiveNetworks,
   Author = {Liu, Xiaojun and Lee, Edward A.},
   Title = {{CPO} Semantics of Timed Interactive Actor Networks},
   Institution = {UC Berkeley},
   Number = {EECS-2006-67},
   Type = {Technical Report},
   Month= {May 18},
      Year = {2006} }

@misc{ LeeZheng:07:SRDECT,
   Author = {Lee, Edward A. and Zheng, Haiyang},
   Title = {Leveraging Synchronous Language Principles for Heterogeneous Modeling and Design of Embedded Systems},
   Publisher = {ACM},
   Month = {October},
         Year = {2007} }

@article{
Johannessen:04:TimeSynchronization,
   Author = {Johannessen, Svein},
   Title = {Time Synchronization in a Local Area Network},
   Journal = {IEEE Control Systems Magazine},
   Pages = {61-69},
      Year = {2004} }

@article{
Mills:03:NTP,
   Author = {Mills, D. L},
   Title = {A brief history of {NTP} time: confessions of an Internet timekeeper},
   Journal = {ACM Computer Communications Review},
   Volume = {33},
      Year = {2003} }

@techreport{
IEEE:02:1588,
   Author = {IEEE Instrumentation and Measurement Society},
   Title = {1588: IEEE Standard for a Precision Clock Synchronization Protocol for Networked Measurement and Control Systems},
   Institution = {IEEE},
   Type = {Standard Specification},
   Month= {November 8},
      Year = {2002} }

@inproceedings{
deAlfaro:01:InterfaceTheories,
   Author = {deAlfaro, Luca and Henzinger, Thomas A.},
   Title = {Interface theories for component-based design},
   BookTitle = {EMSOFT},
   Month = {October, 2001},
   Publisher = {Springer-Verlag},
   Volume = {LNCS 2211},
   Pages = {148-165},
      Year = {2001} }

@phdthesis{
Zhou:07:Interface,
   Author = {Zhou, Ye},
   Title = {Interface Theories for Causality Analysis in Actor Networks},
   School = {EECS Department, University of California, Berkeley},
   Month = {May},
   Year = {2007},
}

@article{
Lee:99:HDF,
   Author = {Girault, Alain and Lee, Bilung and Lee, E. A.},
   Title = {Hierarchical Finite State Machines with Multiple Concurrency Models},
   Journal = {IEEE Transactions On Computer-aided Design Of Integrated Circuits And Systems},
   Volume = {18},
   Number = {6},
   Pages = {742-760},
      Year = {1999} }

@article{
ZhouLee:08:CausalityInterfaces,
   Author = {Lee, Ye Zhou and Edward A.},
   Title = {Causality Interfaces for Actor Networks},
   Journal = {ACM Transactions on Embedded Computing Systems (TECS)},
      Year = {2008} }
      
@techreport{
PtolemyVol1:04,
   Author = {Brooks, C. and Lee, E. A. and Liu, X. and Neuendorffer, S. and Zhao, Y. and Zheng, H.},
   Title = {Heterogeneous Concurrent Modeling and Design in {Java}},
   Institution = {University of California},
   Number = {Technical Memorandum UCB/ERL M04/27},
   Month= {July 29},
      Year = {2004} }

@article{Flexotask,
 author = {Joshua Auerbach and David F. Bacon and Rachid Guerraoui and Jesper Honig Spring and Jan Vitek},
 title = {Flexible task graphs: a unified restricted thread programming model for java},
 journal = {SIGPLAN Not.},
 volume = {43},
 number = {7},
 year = {2008},
 issn = {0362-1340},
 pages = {1--11},
 doi = {http://doi.acm.org/10.1145/1379023.1375659},
 publisher = {ACM},
 }

@unpublished{FlexotaskOpen, 
 author = "{Open Source}",
 title = "Flexible Task Graphs",
 note = "{\tt\small http://flexotask.sourceforge.net}",
 year = 2008
}

@unpublished{javiator,
 author = "{University of Salzburg}",
 title = "{The JAviator Project}",
 note = "{\\ \tt\small http://javiator.cs.uni-salzburg.at}",
 year = 2008
}

@unpublished{IEEE1588-open,
   Author = "{Open Source}",
   Title = "The PTP Daemon",
 note = "{\tt\small http://ptpd.sourceforge.net}",
   Year = 2008}
}
@inproceedings{Spoonhower06,
author = {D. Spoonhower and J. Auerbach and D. F. Bacon and P. Cheng and D. Grove},
title = {Eventrons: a safe programming construct for high-frequency hard real-time applications},
booktitle = {Proc. PLDI},
year = {2006},
isbn = {1-59593-320-4},
pages = {283--294},
address = {Ottawa, Ontario, Canada},
doi = {http://doi.acm.org/10.1145/1133981.1134015},
}

@inproceedings{ExotasksLctes07,
 author = {Joshua Auerbach and David F. Bacon and Daniel T. Iercan and Christoph M. Kirsch and V. T. Rajan and Harald Roeck and Rainer Trummer},
 title = {Java takes flight: time-portable real-time programming with exotasks},
 booktitle = {Proceedings of LCTES '07},
 year = {2007},
 isbn = {978-1-59593-632-5},
 pages = {51--62},
 location = {San Diego, California, USA},
 doi = {http://doi.acm.org/10.1145/1254766.1254775},
 publisher = {ACM Press},
 address = {New York, NY, USA},
 }

@inproceedings{Vitek06Reflexes,
  title = "Programming Abstractions for Highly Responsive Systems",
  author = "J. H. Spring and  F. Pizlo and R. Guerraoui and J. Vitek",
  booktitle = "Proc. VEE",
  year = 2007,
}

@inproceedings{StreamFlex07,
   title     = "{StreamFlex}: High-throughput Stream Programming in {Java}",
   author    = "Jesper H. Spring and Jean Privat  and
                Rachid Guerraoui  and Jan Vitek",
   booktitle = "Proceedings of the {ACM} {SIGPLAN} Conference on
                Object-Oriented Programming Systems, Languages and
                Applications (OOPSLA)",
   month     = oct,
  year       = 2007} 

@INPROCEEDINGS{Wang02awireless,
    author = {H. Wang and L. Yip and D. Maniezzo and J. C. Chen and R. E. Hudson and J. Elson and K. Yao},
    title = {A Wireless Time-Synchronized COTS Sensor Platform Part II Applications to Beamforming},
    booktitle = {In Proceedings of IEEE CAS Workshop on Wireless Communications and Networking},
    year = {2002}
}

@inproceedings{TuningFork,
  author = "{Open Source}",
  title = "{The TuningFork Visualization Platform}",
  note = "{\\ \tt\small http://tuningforkvp.sourceforge.net}",
}

@manual{IBM06WebSphere,
  title = "{WebSphere} {Real}-{Time} User's Guide",
  author = "{IBM Corp.}",
  year = 2006,
  edition = "first",
}

@conference{marti2001jcr,
  title={{Jitter compensation for real-time control systems}},
  author={Marti, P. and Fuertes, JM and Fohler, G. and Ramamritham, K.},
  booktitle={Real-Time Systems Symposium, 2001.(RTSS 2001). Proceedings. 22nd IEEE},
  pages={39--48},
  year={2001}
}

@conference{albertos2000rcs,
  title={{RT control scheduling to reduce control performance degrading}},
  author={Albertos, P. and Crespo, A. and Ripoll, I. and Valles, M. and Balbastre, P.},
  booktitle={Decision and Control, 2000. Proceedings of the 39th IEEE Conference on},
  volume={5},
  year={2000}
}

@article{nilsson1998rtc,
  title={{Real-Time Control Systems with Delays}},
  author={Nilsson, J.},
  journal={Lund, Sweden: Lund Institute of Technology},
  year={1998}
}

@article{zhang2001snc,
  title={{Stability of networked control systems}},
  author={Zhang, W. and Branicky, MS and Phillips, SM},
  journal={Control Systems Magazine, IEEE},
  volume={21},
  number={1},
  pages={84--99},
  year={2001}
}

@article{torngren1998fir,
  title={{Fundamentals of Implementing Real-Time Control Applications in Distributed Computer Systems}},
  author={T{\"o}rngren, M.},
  journal={Real-Time Systems},
  volume={14},
  number={3},
  pages={219--250},
  year={1998},
  publisher={Springer}
}

@article{cervin2003dct,
  title={{How does control timing affect performance? Analysis and simulation of timing using Jitterbug and TrueTime}},
  author={Cervin, A. and Henriksson, D. and Lincoln, B. and Eker, J. and Arzen, K.E.},
  journal={Control Systems Magazine, IEEE},
  volume={23},
  number={3},
  pages={16--30},
  year={2003}
}

@conference{baruah1999spt,
  title={{Scheduling periodic task systems to minimize output jitter}},
  author={Baruah, S. and Buttazzo, G. and Gorinsky, S. and Lipari, G.},
  booktitle={The 6th International Conference on Real-Time Computing Systems and Applications},
  year={1999}
}

@conference{cervin1999isc,
  title={{Improved scheduling of control tasks}},
  author={Cervin, A.},
  booktitle={Proceedings of the 11th Euromicro Conference on Real-Time Systems},
  volume={10},
  year={1999},
  organization={IEEE Computer Society Press}
}

@conference{seto1996tsr,
  title={{On task schedulability in real-time control systems}},
  author={Seto, D. and Lehoczky, JP and Sha, L. and Shin, KG},
  booktitle={Real-Time Systems Symposium, 1996., 17th IEEE},
  pages={13--21},
  year={1996}
}

@inproceedings{auerbach07,
	Address = {Copenhagen, Denmark},
	Author = {Joshua Auerbach and David F. Bacon and Florian B\"{o}mers and Perry Cheng},
	Booktitle = {Proceedings of the International Computer Music Conference},
	Month = aug,
	Title = {Real-time Music Synthesis in {Java} using the {Metronome} Garbage Collector},
	Year = 2007}
